@book{braiding,
       author = "Kimmerer, Robin",
       title = "Braiding {S}weetgrass",
       date = "2013",
       publisher = "Minneapolis, {M}innesota: {M}ilkweed {E}ditions",
       edition = "1"
}

@online{twoeyes,
    title = "Two {E}yed {S}eeing",
    date = "2012",
    month = "November",
    organization = "YouTube",
    author = "Cheryl Bartlett",
    url = "https://www.youtube.com/watch?v=_CY-iGduw5c\&feature=youtu.be",
    note = "Quote @ 3:48"
}

@online{westvsnative,
    title = "Western {S}cience vs. {N}ative {S}cience - {C}ultural {I}mperialism",
    date = "2014",
    month = "July",
    day = "2",
    organization = "Investigative {M}edia",
    author = "Vernon Masayesva",
    url = "https://www.investigativemedia.com/western-science-vs-native-science-cultural-imperialism/"
}

@online{nativedeer,
    title = "Deer {E}ntography",
    date = "n.d.",
    organization = "Centre for {I}ndigenuous {P}eoples {N}utrition and {E}nvironment",
    author = {Kuhnlein, Harriet and Humphries, Murray},
    url = "http://traditionalanimalfoods.org/mammals/hoofed/page.aspx?id=6133"
}

@book{capecod,
    author = "Thoreau, Henry",
    title = "Cape {C}od : {H}enry {D}avid {T}horeau's complete text with the journey recreated in pictures",
    date = "1985",
    publisher = "Boston: {L}ittle, {B}rown",
    edition = "1"
}

@article{dairyfarm,
    author = "Cornall, {J}im",
    title = "US dairy farmers dumping milk due to coronavirus situation",
    organization = "Dairy {R}eporter",
    url = "https://www.dairyreporter.com/Article/2020/04/06/US-dairy-farmers-dumping-milk-due-to-coronavirus-situation",
    date = "2020-04-06",
    urldate = "2020-04-21"
}

@online{dirtrich,
    title = "Dirt {R}ich",
    date = "2018",
    month = "September",
    organization = "Vimeo",
    author = "Passelande {P}ictures",
    url = "https://vimeo.com/290375721",
    note = "Quote @ 1:22:38"
}

@online{soilsave,
    title = "A {S}avior in {S}oil",
    date = "2014-08-15",
    organization = "Science {F}riday",
    author = {Ohlson, Kristih},
    url = "https://www.sciencefriday.com/articles/a-savior-in-soil/"
}


@book{sixthsextinct,
    author = "Elizabeth, Kolbert",
    title = "The {S}ixth {E}xtinction: {A}n {U}nnatural {H}istory",
    date = "2014",
    publisher = "New {Y}ork: {H}enry {H}olt and {C}ompany",
    edition = "1"
}

@article{branchessurvey,
    title = "Survey: {O}nly 32 percent of {A}mericans able to correctly name all 3 branches of government",
    date = "2018-09-17",
    organization = "Yubanet",
    author = "Annenberg {P}ublic {P}olicy {C}enter",
    url = "https://yubanet.com/usa/survey-only-32-percent-of-americans-able-to-correctly-name-all-3-branches-of-government/",
    urldate = "2020-04-21"
}

@article{norwayconscript,
    title = "Norway's military conscription becomes gender neutral",
    date = "2014-10-14",
    organization = "DW",
    author = "DW",
    url = "https://yubanet.com/usa/survey-only-32-percent-of-americans-able-to-correctly-name-all-3-branches-of-government/",
    urldate = "2020-04-21"
}

@article{sleep101,
    author= "Kloss, Jacqueline and Nash, Christina and Walsh, Colleen and Culnan, Elizabeth",
    title = "A {"}{S}leep 101{"} {P}rogram for {C}ollege {S}tudents {I}mproves {S}leep {H}ygiene {K}nowledge and {R}educes {M}aladaptive {B}eliefs about {S}leep.",
    journaltitle = "Behavioral {M}edicine",
    year = "2016",
    volume = "42",
    number = "1",
    pages = "48 -- 56"
}

@article{rankability,
    author = {Anderson, Paul and Chartier, Timothy and Langville, Amy},
    title = {The Rankability of Data},
    journal = {SIAM Journal on Mathematics of Data Science},
    volume = {1},
    number = {1},
    pages = {121-143},
    year = {2019},
    doi = {10.1137/18M1183595},
    URL = {https://doi.org/10.1137/18M1183595},
    eprint = {https://doi.org/10.1137/18M1183595}
}

@article{oilpeak,
    author = {Bardi, U.},
    title = {Peak oil, 20 years later: Failed prediction or useful insight{?}},
    journal = {Energy Research and Social Science},
    pages = {257--261},
    year = {2019},
    issue = {48}
}


@article{falcone_2016,
    author = {Falcone, James and Carlisle, Daren and Weber, Lisa},
    title = {Quantifying human disturbance in watersheds: Variable selection and performance of a {GIS}-based disturbance index for predicting the biological condition of perennial streams},
    journal = {Ecological {I}ndicators},
    pages = {264--273},
    year = {2010},
    volume = {10},
    number = {2}
}

@article{rice_2016,
    author = {Rice, Joshua and Emanuel, Ryan and Vose, James},
    title = {The influence of watershed characteristics on spatial patterns of trends in annual scale streamflow variability in the continental U.S.},
    journal = {Journal of {H}ydrology},
    pages = {250--860},
    year = {2016},
    month = {09},
    volume = {540},
}

@article{corringham_2019,
    author = {Rice, Joshua and Emanuel, Ryan and Vose, James},
    title = {The influence of watershed characteristics on spatial patterns of trends in annual scale streamflow variability in the continental U.S.},
    journal = {Journal of {H}ydrology},
    pages = {250--860},
    year = {2016},
    month = {09},
    volume = {540},
}

@online{standford_2020,
    title = "More rain and less snow means increased flood risk, Stanford study reveals",
    date = "2020-01-27",
    organization = "Standford",
    author = "Tucker, Danielle",
    url = "https://news.stanford.edu/2020/01/27/rain-less-snow-increases-flooding/",
    urldate = "2020-05-20"
}

@article{mallakpour_2018,
    author = {Mallakpour, Iman and Sadegh, Mojtaba and AghaKouchak, Amir},
    title = {A new normal for streamflow in California in a warming climate: Wetter wet seasons and drier dry seasons},
    journal = {Journal of {H}ydrology},
    pages = {203--211},
    year = {2018},
    month = {06},
    volume = {567},
}

@online{gcm,
    title = "Bias-Correction ",
    date = "n.d.",
    organization = "Research Program on Climate Change, Agriculuture and Food Security",
    url = "http://ccafs-climate.org/bias_correction/",
    urldate = "2020-05-07"
}

@online{streamflow_def,
    title = "Streamflow and the Water Cycle",
    date = "n.d.",
    organization = "United States Geological Survey",
    url = "https://www.usgs.gov/special-topic/water-science-school/science/streamflow-and-water-cycle?qt-science_center_objects=0#qt-science_center_objects",
    urldate = "2020-05-08"
}

@online{cdf_def,
    title = "Related Distribution",
    date = "n.d.",
    organization = "National Institute of Standards and Technology",
    url = "https://www.itl.nist.gov/div898/handbook/eda/section3/eda362.htm",
    urldate = "2020-05-08"
}

@article{bras_1999,
    author = {Bras, Rafael L.},
    title = {A Brief History of Hydrology*},
    journal = {Bulletin of the American Meteorological Society},
    volume = {80},
    number = {6},
    pages = {1151-1164},
    year = {1999},
    doi = {10.1175/1520-0477-80.6.1151},
    url = { https://doi.org/10.1175/1520-0477-80.6.1151},
    eprint = {https://doi.org/10.1175/1520-0477-80.6.1151}
}

@article{stein_2002,
    author = {Stein, J.L. and Stein, J.A. and Nix, H.A. },
    title = {Spatial analysis of anthropogenic river disturbance at regional andcontinental scales: identifying the wild rivers of Australia},
    journal = {Landscape and Urban Planning},
    pages = {1--25},
    year = {2002},
    volume = {60},
    number = {1}
}

@book{mycelium_run,
       author = "Stamets, Paul",
       title = "Mycelium  running: How mushrooms can help save the world",
       date = "2005",
       publisher = "Berkely, Cali.: Ten Speed Press",
}

@online{stable,
    title = "5 tranformational policies for a prosperous and sustainable world",
    date = "2018",
    month = "September",
    organization = "TED",
    author = "Johan Rockstorm",
    url = "https://www.ted.com/talks/johan_rockstrom_5_transformational_policies_for_a_prosperous_and_sustainable_world",
    note = "Quote @ 2:03"
}

@online{account_pan,
    title = "Guide Aims to Increase Accountability Amid Pandemic Response",
    date = "2020-05-14",
    organization = "International Institute for Sustainable Development",
    url = "http://sdg.iisd.org/news/guide-aims-to-increase-accountability-amid-pandemic-response/",
    urldate = "2020-05-16"
}
