@book{braiding,
       author = "Kimmerer, Robin",
       title = "Braiding {S}weetgrass",
       date = "2013",
       publisher = "Minneapolis, {M}innesota: {M}ilkweed {E}ditions",
       edition = "1"
}

@online{twoeyes,
    title = "Two {E}yed {S}eeing",
    date = "2012",
    month = "November",
    organization = "YouTube",
    author = "Cheryl Bartlett",
    url = "https://www.youtube.com/watch?v=_CY-iGduw5c\&feature=youtu.be",
    note = "Quote @ 3:48"
}

@online{westvsnative,
    title = "Western {S}cience vs. {N}ative {S}cience - {C}ultural {I}mperialism",
    date = "2014",
    month = "July",
    day = "2",
    organization = "Investigative {M}edia",
    author = "Vernon Masayesva",
    url = "https://www.investigativemedia.com/western-science-vs-native-science-cultural-imperialism/"
}

@online{nativedeer,
    title = "Deer {E}ntography",
    date = "n.d.",
    organization = "Centre for {I}ndigenuous {P}eoples {N}utrition and {E}nvironment",
    author = {Kuhnlein, Harriet and Humphries, Murray},
    url = "http://traditionalanimalfoods.org/mammals/hoofed/page.aspx?id=6133"
}

@book{capecod,
    author = "Thoreau, Henry",
    title = "Cape {C}od : {H}enry {D}avid {T}horeau's complete text with the journey recreated in pictures",
    date = "1985",
    publisher = "Boston: {L}ittle, {B}rown",
    edition = "1"
}

@article{dairyfarm,
    author = "Cornall, {J}im",
    title = "US dairy farmers dumping milk due to coronavirus situation",
    organization = "Dairy {R}eporter",
    url = "https://www.dairyreporter.com/Article/2020/04/06/US-dairy-farmers-dumping-milk-due-to-coronavirus-situation",
    date = "2020-04-06",
    urldate = "2020-04-21"
}

@online{dirtrich,
    title = "Dirt {R}ich",
    date = "2018",
    month = "September",
    organization = "Vimeo",
    author = "Passelande {P}ictures",
    url = "https://vimeo.com/290375721",
    note = "Quote @ 1:22:38"
}

@online{soilsave,
    title = "A {S}avior in {S}oil",
    date = "2014-08-15",
    organization = "Science {F}riday",
    author = {Ohlson, Kristih},
    url = "https://www.sciencefriday.com/articles/a-savior-in-soil/"
}


@book{sixthsextinct,
    author = "Elizabeth, Kolbert",
    title = "The {S}ixth {E}xtinction: {A}n {U}nnatural {H}istory",
    date = "2014",
    publisher = "New {Y}ork: {H}enry {H}olt and {C}ompany",
    edition = "1"
}

@article{branchessurvey,
    title = "Survey: {O}nly 32 percent of {A}mericans able to correctly name all 3 branches of government",
    date = "2018-09-17",
    organization = "Yubanet",
    author = "Annenberg {P}ublic {P}olicy {C}enter",
    url = "https://yubanet.com/usa/survey-only-32-percent-of-americans-able-to-correctly-name-all-3-branches-of-government/",
    urldate = "2020-04-21"
}

@article{norwayconscript,
    title = "Norway's military conscription becomes gender neutral",
    date = "2014-10-14",
    organization = "DW",
    author = "DW",
    url = "https://yubanet.com/usa/survey-only-32-percent-of-americans-able-to-correctly-name-all-3-branches-of-government/",
    urldate = "2020-04-21"
}

@article{Viqueira_2020, 
    title = {Smart Environmental Data Infrastructures: Bridging the Gap between Earth Sciences and Citizens}, 
    volume = {10}, 
    ISSN = {2076-3417}, 
    url = {http://dx.doi.org/10.3390/app10030856}, 
    DOI = {10.3390/app10030856}, 
    number = {3}, 
    journal = {Applied Sciences}, 
    publisher = {MDPI AG}, 
    author = {Viqueira, José R.R. and Villarroya, Sebastián and Mera, David and Taboada, José A.}, 
    year = {2020}, 
    month = {01}, 
    pages = {856}
}
